% Encoding: UTF-8

@Book{Bor2,
  title     = {Handbook of categorical algebra. 2},
  publisher = {Cambridge University Press, Cambridge},
  year      = {1994},
  author    = {Borceux, F.},
  volume    = {51},
  series    = {Encyclopedia of Mathematics and its Applications},
  isbn      = {0-521-44179-X},
  note      = {Categories and structures},
  pages     = {xviii+443},
}

@Article{2catlimits,
  author  = {Kelly, {G}. {M}ax},
  title   = {Elementary observations on 2-categorical limits},
  journal = {Bulletin of the Australian Mathematical Society},
  year    = {1989},
  volume  = {39},
  pages   = {301-317},
}

@Article{weber2007yoneda,
  author     = {Weber, M.},
  title      = {Yoneda structures from 2-toposes},
  journal    = {Appl. Categ. Structures},
  year       = {2007},
  volume     = {15},
  number     = {3},
  pages      = {259--323},
  issn       = {0927-2852},
  fjournal   = {Applied Categorical Structures. A Journal Devoted to Applications of Categorical Methods in Algebra, Analysis, Order, Topology and Computer Science},
  mrclass    = {18A05 (18A15 18B25 18D05)},
  mrreviewer = {Stephen Lack},
}

@InCollection{lack20102,
  author    = {Lack, Stephen},
  title     = {A 2-categories companion},
  booktitle = {Towards higher categories},
  publisher = {Springer},
  year      = {2010},
  pages     = {105--191},
}

@Electronic{lore2018duecan,
  author       = {Fosco Loregian},
  year         = {2018},
  title        = {2-categorie, un corso},
  language     = {Italian},
  howpublished = {online notes},
  url          = {www.math.muni.cz/~loregianf/2kan/_site/index.html},
}

@Article{blackwell1989two,
  author    = {Blackwell, Robert and Kelly, Gregory M and Power, A John},
  title     = {Two-dimensional monad theory},
  journal   = {Journal of pure and applied algebra},
  year      = {1989},
  volume    = {59},
  number    = {1},
  pages     = {1--41},
  publisher = {Elsevier},
}

@Article{kock1995monads,
  author    = {Kock, A.},
  title     = {Monads for which structures are adjoint to units},
  journal   = {Journal of Pure and Applied Algebra},
  year      = {1995},
  volume    = {104},
  number    = {1},
  pages     = {41--59},
  publisher = {North-Holland},
}

@Article{andersduality,
  author     = {Kock, A.},
  title      = {Duality for generic algebras},
  journal    = {Cah. Topol. G\'eom. Diff\'er. Cat\'eg.},
  year       = {2015},
  volume     = {56},
  number     = {1},
  pages      = {2--14},
  issn       = {1245-530X},
  fjournal   = {Cahiers de Topologie et G\'eom\'etrie Diff\'erentielle Cat\'egoriques},
  mrclass    = {18B25 (18D35)},
  mrnumber   = {3379076},
  mrreviewer = {Chris Heunen},
}

@Misc{bernardini2017yoneda,
  author = {D. Bernardini},
  title  = {Notes on {Y}oneda structures},
  year   = {Private communication},
  date   = {draft: January, 2017},
}

@Article{street1978yoneda,
  author   = {Street, R. and Walters, R.},
  title    = {Yoneda structures on 2-categories},
  journal  = {J. Algebra},
  year     = {1978},
  volume   = {50},
  number   = {2},
  pages    = {350--379},
  issn     = {0021-8693},
  fjournal = {Journal of Algebra},
}

@Article{adamek2002classification,
  author  = {Ad{\'a}mek, J. and Borceux, F. and Lack, S. and Rosick{\'y}, J.},
  title   = {A classification of accessible categories},
  journal = {Theory Appl. Categ.},
  year    = {2002},
  pages   = {7--30},
}

@Book{Adamek1994,
  title      = {Locally presentable and accessible categories},
  publisher  = {Cambridge University Press},
  year       = {1994},
  author     = {Ad{\'a}mek, J. and Rosick{\'y}, J.},
  volume     = {189},
  series     = {London Mathematical Society Lecture Note Series},
  address    = {Cambridge},
  isbn       = {0-521-42261-2},
  mrclass    = {18Axx (18-02)},
  mrreviewer = {J.R. Isbell},
  pages      = {xiv+316},
}

@Comment{jabref-meta: databaseType:bibtex;}
